<?xml version="1.0" encoding="UTF-8"?><collection xmlns="http://www.loc.gov/MARC21/slim"><record><leader>00442nam--2200145-i-4500</leader><controlfield tag="001">000005598</controlfield><controlfield tag="002">20161230</controlfield><controlfield tag="005">20161230201026</controlfield><controlfield tag="008">060222s1000------------r-----000-0-eng-d</controlfield><datafield ind1=" " ind2=" " tag="080"><subfield code="a">621.039.546.53</subfield></datafield><datafield ind1=" " ind2=" " tag="100"><subfield code="a">Adamski, T., Mucha, Fr</subfield></datafield><datafield ind1=" " ind2=" " tag="245"><subfield code="a">Coating of some materials with carbon by pyrolysis of hydrocarbons in a fluidized bed</subfield></datafield><datafield ind1=" " ind2=" " tag="260"><subfield code="a">Warsaw, Institute Of Nuclear Research, 1961 4 P. + 6 Figuri</subfield></datafield><datafield ind1=" " ind2=" " tag="490"><subfield code="a">232/Iv</subfield></datafield><datafield ind1=" " ind2=" " tag="852"><subfield code="a">13780</subfield></datafield></record></collection>